@online{all-about-electronics-rfid-explained,
    author = "ALL ABOUT ELECTRONICS",
	organization = {Youtube},
    title = "What is RFID? How RFID works? RFID Explained in Detail",
    url  = "https://youtu.be/Ukfpq71BoMo",
    addendum = "(accessed: 22.03.2023)",
    keywords = "all_about_electronics,rfid"
}

@online{avery-dennison-rfid-basics,
    author = "Avery Dennison",
	organization = {Youtube},
    title = "RFID basics",
    url  = "https://youtu.be/um8HZlPED-k",
    addendum = "(accessed: 22.03.2023)",
    keywords = "avery_dennison,rfid,basics"
}

@online{mahsa-university-rfid-introduction,
    author = "MAHSA University",
	organization = {Youtube},
    title = "Introduction of Radio Frequency Identification (RFID) Technology in New Era",
    url  = "https://www.youtube.com/live/I7Q_nxuuYBI?feature=share",
    addendum = "(accessed: 22.03.2023)",
    keywords = "mahsa_university,rfid,introduction_of_rfid"
}

@online{rfid-wiki,
    author = "Wikipedia",
	organization = {Wikipedia},
    title = "Radio-frequency identification",
    url  = "https://en.wikipedia.org/wiki/Radio-frequency_identification",
    addendum = "(accessed: 22.03.2023)",
    keywords = "wiki,rfid"
}
